@preamble{ " \newcommand{\noop}[1]{} " } 

@article{Solovchuk_et_al_2013,
  author  = {Solovchuk, Maxim and Sheu, Tony and Marc, Thiriet},
  year    = {2013},
  month   = {11},
  pages   = {3931-42},
  title   = {Simulation of nonlinear {Westervelt} equation for the investigation of acoustic streaming and nonlinear propagation effects},
  volume  = {134},
  journal = {The Journal of the Acoustical Society of America},
  doi     = {10.1121/1.4821201}
}

@inproceedings{Nascimento_et_al_2010,
  author    = {Nascimento, Wellington C. R. and Pestana, Reynam C.},
  year      = {2010},
  month     = {01},
  pages     = {3226-3230},
  title     = {An anti‐dispersion wave equation based on the predictor‐corrector method for seismic modeling and reverse time migration},
  booktitle = {SEG Technical Program Expanded Abstracts},
  doi       = {10.1190/1.3513517}
}

@article{Osman_et_al_2001,
  author  = {Osman, Halijah and Wood, Alastair},
  year    = {2001},
  month   = {01},
  volume  = {17},
  issue   = {1},
  pages   = {1-6},
  title   = {Stability of {Charlie’s} Method on Linear Heat Conduction Equation},
  journal = {Matematika}
}

@article{Dey_1999,
  author    = {S.K. Dey},
  title     = {A novel explicit finite difference scheme for partial differential equations},
  journal   = {Mathematical Modelling and Analysis},
  volume    = {4},
  number    = {1},
  pages     = {70-78},
  year      = {1999},
  publisher = {Taylor & Francis},
  doi       = {10.1080/13926292.1999.9637112},
  ignoreurl = {https://www.tandfonline.com/doi/abs/10.1080/13926292.1999.9637112}
}

@article{Singh_and_Kumar_2015,
  author    = {Sonalika Singh and Sushil Kumar},
  title     = {Freezing of Biological Tissues During Cryosurgery Using Hyperbolic Heat Conduction Model},
  journal   = {Mathematical Modelling and Analysis},
  volume    = {20},
  number    = {4},
  pages     = {443-456},
  year      = {2015},
  publisher = {Taylor & Francis},
  doi       = {10.3846/13926292.2015.1064486},
  ignoreurl = {https://doi.org/10.3846/13926292.2015.1064486}
}

@techreport{Dey_and_Dey_1983,
  title       = {An explicit predictor-corrector solver with applications to {Burgers}' equation: {NASA} Technical Memorandum 84402},
  institution = {National Aeronautics and Space Administration},
  author      = {S. Dey and C. Dey},
  year        = {1983}
}

@article{Lambert_1971,
  author    = {Lambert, J. D.},
  title     = {Predictor-Corrector Algorithms with Identical Regions of Stability},
  journal   = {SIAM Journal on Numerical Analysis},
  volume    = {8},
  number    = {2},
  pages     = {337-344},
  year      = {1971},
  doi       = {10.1137/0708034},
  ignoreurl = {https://doi.org/10.1137/0708034},
  eprint    = {https://doi.org/10.1137/0708034}
}

@incollection{Taflove_et_al_2005,
  title     = {Computational Electromagnetics: The Finite-Difference Time-Domain Method},
  editor    = {WAI-KAI CHEN},
  booktitle = {The Electrical Engineering Handbook},
  publisher = {Academic Press},
  address   = {Burlington},
  pages     = {629-670},
  year      = {2005},
  isbn      = {978-0-12-170960-0},
  doi       = {https://doi.org/10.1016/B978-012170960-0/50046-3},
  ignoreurl = {https://www.sciencedirect.com/science/article/pii/B9780121709600500463},
  author    = {Allen Taflove and Susan C. Hagness and Melinda Piket-May}
}

@article{Kyriakou_et_al_2015,
  author  = {Kyriakou, Adamos and Neufeld, Esra and Werner, Beat and Székely, Gábor and Kuster, Niels},
  year    = {2015},
  month   = {12},
  pages   = {11},
  title   = {Full-wave acoustic and thermal modeling of transcranial ultrasound propagation and investigation of skull-induced aberration correction techniques: A feasibility study},
  volume  = {3},
  journal = {Journal of Therapeutic Ultrasound},
  doi     = {10.1186/s40349-015-0032-9}
}

@article{Dubey_2016,
  author  = {R. K. Dubey},
  year    = {2016},
  volume  = {13},
  pages   = {689–704},
  title   = {Data dependent stability of Forward in Time and Centred in Space ({FTCS}) scheme for scalar hyperbolic equations},
  journal = {International Journal of Numerical Analysis \& Modeling}
}

@inproceedings{Karamalis_et_al_2010,
  author    = {Karamalis, Athanasios and Wein, Wolfgang and Navab, Nassir},
  editor    = {Jiang, Tianzi and Navab, Nassir and Pluim, Josien P. W. and Viergever, Max A.},
  title     = {Fast Ultrasound Image Simulation Using the {Westervelt} Equation},
  booktitle = {Medical Image Computing and Computer-Assisted Intervention -- MICCAI 2010},
  year      = {2010},
  publisher = {Springer Berlin Heidelberg},
  address   = {Berlin, Heidelberg},
  pages     = {243--250}
}

@article{Chen_et_al_2016,
  author  = {Chen, Shujie and Parker, Kevin},
  year    = {2016},
  month   = {06},
  pages   = {027003},
  title   = {Enhanced resolution pulse-echo imaging with stabilized pulses},
  volume  = {3},
  journal = {Journal of Medical Imaging},
  doi     = {10.1117/1.JMI.3.2.027003}
}

@book{Liseikin_2017,
  author    = {Liseikin, Vladimir},
  year      = {2017},
  month     = {01},
  publisher = {Springer},
  title     = {Grid Generation Methods},
  isbn      = {ISBN978-3-319-57845-3},
  doi       = {10.1007/978-3-319-57846-0}
}

@inproceedings{Hunsaker_2009A,
  title  = {Application of a Coordinate Transformation and Discretization Method for Computational Fluid Dynamics},
  author = {D. Hunsaker},
  year   = {2009}
}

@inbook{Chandrasekaran_2021,
  author    = {Chandrasekaran, Nitish and Mercier, Bertrand and Colonna, Piero},
  year      = {2021},
  month     = {02},
  pages     = {20-25},
  publisher = {Springer, Cham},
  volume    = {28},
  title     = {Formation of Rarefaction Shockwaves in Non-ideal Gases with Temperature Gradients},
  isbn      = {978-3-030-69305-3},
  doi       = {10.1007/978-3-030-69306-0_3}
}

@article{MacCormack_1982,
  author  = {R. W. MacCormack},
  year    = {1982},
  month   = {09},
  pages   = {1275–1281},
  title   = {A Numerical Method for Solving the Equations of Compressible Viscous Flow},
  volume  = {20},
  issue   = {9},
  journal = {AIAA Journal},
  doi     = {https://doi.org/10.2514/3.51188}
}

@article{Na_et_al_2016,
  author  = {Na, Fan and Zhao, Lianfeng and Xie, Xiao-Bi and Ge, Zengxi and Yao, Zhen-Xing},
  year    = {2016},
  month   = {09},
  pages   = {1539-1551},
  title   = {Two-dimensional time-domain finite-difference modeling for viscoelastic seismic wave propagation},
  volume  = {206},
  journal = {Geophysical Journal International},
  doi     = {10.1093/gji/ggw228}
}

@inproceedings{Hixon_1997,
  author    = {Hixon, Ray},
  year      = {1997},
  month     = {05},
  pages     = {},
  title     = {On Increasing the Accuracy of {MacCormack} Schemes for Aeroacoustic Applications},
  booktitle = {3rd AIAA/CEAS Aeroacoustics Conference},
  doi       = {10.2514/6.1997-1586}
}

@article{Murawska_et_al_2013,
  author  = {Machalińska-Murawska, Justyna and Szydłowski, Michał},
  year    = {2013},
  month   = {01},
  pages   = {51-62},
  title   = {{Lax-Wendroff} and {McCormack} Schemes for Numerical Simulation of Unsteady Gradually and Rapidly Varied Open Channel Flow},
  volume  = {60},
  journal = {Archives of Hydroengineering and Environmental Mechanics}
}

@article{Bernard_1992,
  title     = {A {MacCormack} scheme for incompressible flow},
  journal   = {Computers \& Mathematics with Applications},
  volume    = {24},
  number    = {5},
  pages     = {151-168},
  year      = {1992},
  issn      = {0898-1221},
  doi       = {https://doi.org/10.1016/0898-1221(92)90046-K},
  ignoreurl = {https://www.sciencedirect.com/science/article/pii/089812219290046K},
  author    = {Robert S. Bernard}
}

@article{Amara_et_al_2013,
  author  = {Amara, Lyes and Berreksi, Ali and Achour, Bachir},
  year    = {2013},
  month   = {12},
  pages   = {226-233},
  title   = {Adapted {MacCormack} Finite-Differences Scheme for Water Hammer Simulation},
  volume  = {Vol.2},
  journal = {Journal of Civil Engineering and Science}
}

@article{Bouche_2003,
  title     = {Comparison of numerical schemes for solving the advection equation},
  journal   = {Applied Mathematics Letters},
  volume    = {16},
  number    = {2},
  pages     = {147-154},
  year      = {2003},
  issn      = {0893-9659},
  doi       = {https://doi.org/10.1016/S0893-9659(03)80024-1},
  ignoreurl = {https://www.sciencedirect.com/science/article/pii/S0893965903800241},
  author    = {D. Bouche and G. Bonnaud and D. Ramos},
  keywords  = {Advection equation, Numerical schemes, Spurious oscillations}
}

@article{Christov_2017,
  title     = {On mechanical waves and Doppler shifts from moving boundaries},
  volume    = {40},
  issn      = {0170-4214},
  ignoreurl = {http://dx.doi.org/10.1002/mma.4318},
  doi       = {10.1002/mma.4318},
  number    = {12},
  journal   = {Mathematical Methods in the Applied Sciences},
  publisher = {Wiley},
  author    = {Christov, Ivan C. and Christov, Christo I.},
  year      = {2017},
  month     = {Feb},
  pages     = {4481–4492}
}

@article{Willatzen_2001,
  author  = {Willatzen, Morten},
  year    = {2001},
  month   = {11},
  pages   = {719-729},
  title   = {Sound propagation in a moving fluid confined by cylindrical walls - {A} comparison between an exact analysis and the local-plane-wave approximation},
  volume  = {247},
  journal = {Journal of Sound and Vibration},
  doi     = {10.1006/jsvi.2001.3776}
}

@inbook{Androsov_et_al_2013,
  author    = {Androsov, Alexey and Harig, Sven and Fuchs, Annika and Immerz, Antonia and Rakowsky, Natalja and Hiller, Wolfgang and Danilov, Sergey},
  year      = {2013},
  publisher = {IntechOpen},
  month     = {01},
  pages     = {43-72},
  title     = {Tsunami Wave Propagation},
  isbn      = {978-953-51-0979-2},
  doi       = {10.5772/51340}
}

@article{Jaros_et_al_2014,
  author  = {Jaros, Jiri and Rendell, Alistair and Treeby, Bradley},
  year    = {2014},
  month   = {08},
  pages   = {},
  title   = {Full-wave nonlinear ultrasound simulation on distributed clusters with applications in high-intensity focused ultrasound},
  volume  = {30},
  journal = {International Journal of High Performance Computing Applications},
  doi     = {10.1177/1094342015581024}
}

@article{Godin_2011,
  author  = {Godin, Oleg},
  year    = {2011},
  month   = {01},
  pages   = {},
  title   = {An exact wave equation for sound in inhomogeneous, moving, and non-stationary fluids},
  journal = {OCEANS'11 - MTS/IEEE Kona, Program Book}
}

@book{Patankar_1980,
  added-at  = {2014-01-19T13:31:06.000+0100},
  author    = {Patankar, Suhas V},
  interhash = {cd93c02f6a506db12c44de56626f568c},
  intrahash = {19bd4d8ade80127348bdc6511a494eb1},
  isbn      = {978-0891165224},
  keywords  = {1980 flow fluid heat-transfer numerical textbook},
  publisher = {Hemisphere Publishing Corporation (CRC Press, Taylor \& Francis Group)},
  series    = {Series on Computational Methods in Mechanics and Thermal Science},
  timestamp = {2014-01-19T13:49:42.000+0100},
  title     = {Numerical heat transfer and fluid flow},
  ignoreurl = {http://www.crcpress.com/product/isbn/9780891165224},
  year      = 1980
}

@book{Campbell_Greated_1987,
  author    = {Murray Campbell and Clive Greated},
  title     = {The Musician's Guide to Acoustics},
  publisher = {Oxford University Press},
  location  = {Oxford},
  year      = {1987}
}

@article{Treeby_et_al_2020,
  author  = {Treeby, Bradley and Wise, Elliott and Kuklis, Filip and Jaros, Jiri and Cox, B.},
  year    = {2020},
  month   = {10},
  pages   = {2288-2300},
  title   = {Nonlinear ultrasound simulation in an axisymmetric coordinate system using a k -space pseudospectral method},
  volume  = {148},
  journal = {The Journal of the Acoustical Society of America},
  doi     = {10.1121/10.0002177}
}

@article{Jing_et_al_2011,
  author  = {Jing, Yun and Shen, Du and Clement, Greg},
  year    = {2011},
  month   = {06},
  pages   = {1097 - 1101},
  title   = {Verification of the {Westervelt} equation for focused transducers},
  volume  = {58},
  journal = {Ultrasonics, Ferroelectrics and Frequency Control, IEEE Transactions on},
  doi     = {10.1109/TUFFC.2011.1910}
}

@article{Meesala_et_al_2020,
  title     = {Analysis and prediction of shock formation in acoustic energy transfer systems},
  volume    = {128},
  issn      = {1089-7550},
  ignoreurl = {http://dx.doi.org/10.1063/5.0026645},
  doi       = {10.1063/5.0026645},
  number    = {23},
  journal   = {Journal of Applied Physics},
  publisher = {AIP Publishing},
  author    = {Meesala, Vamsi C. and Hajj, Muhammad R. and Shahab, Shima},
  year      = {2020},
  month     = {Dec},
  pages     = {234902}
}

@book{Handbook_of_Acoustics,
  author    = {W. Lauterborn and T. Kurz and I. Akhatov},
  year      = {2014},
  month     = {01},
  publisher = {Springer Handbooks},
  pages     = {},
  title     = {Handbook of Acoustics},
  isbn      = {978-1-4939-0754-0},
  doi       = {10.1007/978-1-4939-0755-7}
}

@article{Taraldsen_2001,
  author  = {Taraldsen, Gunnar},
  year    = {2001},
  month   = {05},
  pages   = {1329-33},
  title   = {A generalized {Westervelt} equation for nonlinear medical ultrasound},
  volume  = {109},
  journal = {The Journal of the Acoustical Society of America},
  doi     = {10.1121/1.1344157}
}

@phdthesis{Huijssen_phd_2008,
  author = {Jacobus Huijssen},
  title  = {Modeling of Nonlinear Medical Diagnostic Ultrasound},
  school = {Delft University of Technology},
  year   = {2008}
}

@misc{Kaltenbacher_and_Nikolic_2020,
  title         = {Parabolic approximation of quasilinear wave equations with applications in nonlinear acoustics},
  author        = {Barbara Kaltenbacher and Vanja Nikoli\'{c}},
  year          = {2020},
  eprint        = {2011.07360},
  archiveprefix = {arXiv},
  primaryclass  = {math.AP}
}

@incollection{Blackstock_et_al_1998,
  author    = {D. T. Blackstock and M. F. Hamilton and A. D. Pierce},
  year      = {1998},
  editor    = {M. F. Hamilton and D. T. Blackstock},
  publisher = {Academic Press, San Diego},
  pages     = {},
  title     = {Progressive Waves in Lossless and Lossy Fluids},
  booktitle = {Nonlinear Acoustics}
}

@article{Sewerin_Rigopoulos_2017,
  title     = {An explicit adaptive grid approach for the numerical solution of the population balance equation},
  journal   = {Chemical Engineering Science},
  volume    = {168},
  pages     = {250-270},
  year      = {2017},
  issn      = {0009-2509},
  doi       = {https://doi.org/10.1016/j.ces.2017.01.054},
  ignoreurl = {https://www.sciencedirect.com/science/article/pii/S0009250917300854},
  author    = {Fabian Sewerin and Stelios Rigopoulos},
  keywords  = {Population balance, Adaptive grid, Reacting flow}
}

@article{Gasperini_et_al_2021,
  title       = {A frequency domain method for scattering problems with moving boundaries},
  author      = {Gasperini, David and Beise, Hans-Peter P and Schroeder, Udo and Antoine, Xavier and Geuzaine, Christophe},
  ignoreurl   = {https://hal.archives-ouvertes.fr/hal-02540554},
  journal     = {{Wave Motion}},
  publisher   = {{Elsevier}},
  volume      = {102},
  pages       = {102717},
  year        = {2021},
  month       = Apr,
  doi         = {10.1016/j.wavemoti.2021.102717},
  hal_id      = {hal-02540554},
  hal_version = {v2}
}

@article{Breuss_2004,
  author  = {Breuß, Michael},
  year    = {2004},
  month   = {05},
  pages   = {},
  title   = {The correct use of the {Lax–Friedrichs} method},
  volume  = {38},
  journal = {ESAIM: Mathematical Modelling and Numerical Analysis},
  doi     = {10.1051/m2an:2004027}
}

@article{Shampine_2005,
  title     = {Two-step {Lax–Friedrichs} method},
  journal   = {Applied Mathematics Letters},
  volume    = {18},
  number    = {10},
  pages     = {1134-1136},
  year      = {2005},
  issn      = {0893-9659},
  doi       = {https://doi.org/10.1016/j.aml.2004.11.007},
  ignoreurl = {https://www.sciencedirect.com/science/article/pii/S0893965905000856},
  author    = {L.F. Shampine}
}

@article{Lax_Wendroff_1960,
  title   = {Systems of conservation laws},
  author  = {P. D. Lax and B. Wendroff},
  journal = {Communications on Pure and Applied Mathematics},
  year    = {1960},
  volume  = {13},
  pages   = {217-237}
}

@incollection{Akulichev_1971,
  title     = {Pulsations of Cavitation Voids},
  booktitle = {High-{{Intensity Ultrasonic Fields}}},
  author    = {Akulichev, V. A.},
  editor    = {Rozenberg, L. D.},
  year      = {1971},
  pages     = {201--259},
  publisher = {{Springer US}},
  address   = {{Boston, MA}},
  doi       = {10.1007/978-1-4757-5408-7_4},
  isbn      = {978-1-4757-5410-0 978-1-4757-5408-7}
}

@article{Holzfuss_2010,
  title   = {Acoustic Energy Radiated by Nonlinear Spherical Oscillations of Strongly Driven Bubbles},
  author  = {Holzfuss, Joachim},
  year    = {2010},
  month   = jun,
  volume  = {466},
  pages   = {1829--1847},
  issn    = {1364-5021, 1471-2946},
  doi     = {10.1098/rspa.2009.0594},
  journal = {Proceedings of the Royal Society A: Mathematical, Physical and Engineering Sciences},
  number  = {2118}
}

@article{Fornberg_1988,
  title   = {Generation of Finite Difference Formulas on Arbitrarily Spaced Grids},
  author  = {Bengt Fornberg},
  year    = {1988},
  volume  = {51},
  number  = {184},
  pages   = {699--706},
  journal = {Mathematics of Computation}
}

@article{Huijssen_and_Verwij_2010,
  author  = {Huijssen, Koos and Verweij, Martin},
  year    = {2010},
  month   = {01},
  pages   = {33-44},
  title   = {An iterative method for the computation of nonlinear, wide-angle, pulsed acoustic fields of medical diagnostic transducers},
  volume  = {127},
  journal = {The Journal of the Acoustical Society of America},
  doi     = {10.1121/1.3268599}
}

@article{Doinikov_et_al_2014,
  author  = {Doinikov, Alexander A. and Novell, Anthony and Calmon, Pierre and Bouakaz, Ayache},
  journal = {IEEE Transactions on Ultrasonics, Ferroelectrics, and Frequency Control},
  title   = {Simulations and measurements of 3-D ultrasonic fields radiated by phased-array transducers using the {Westervelt} equation},
  year    = {2014},
  volume  = {61},
  number  = {9},
  pages   = {1470-1477},
  doi     = {10.1109/TUFFC.2014.3061}
}

@article{Muir_and_Carstensen_1980,
  title     = {Prediction of nonlinear acoustic effects at biomedical frequencies and intensities},
  journal   = {Ultrasound in Medicine \& Biology},
  volume    = {6},
  number    = {4},
  pages     = {345-357},
  year      = {1980},
  issn      = {0301-5629},
  doi       = {https://doi.org/10.1016/0301-5629(80)90004-6},
  ignoreurl = {https://www.sciencedirect.com/science/article/pii/0301562980900046},
  author    = {T.G. Muir and E.L. Carstensen}
}

@article{Qiao_et_al_2016,
  author  = {Qiao, Shan and Jackson, Edward and Coussios, Constantin and Cleveland, Robin},
  year    = {2016},
  month   = {09},
  pages   = {2039-2046},
  title   = {Simulation of nonlinear propagation of biomedical ultrasound using {PZFLEX} and the {Khokhlov-Zabolotskaya-Kuznetsov} Texas code},
  volume  = {140},
  journal = {The Journal of the Acoustical Society of America},
  doi     = {10.1121/1.4962555}
}

@article{Bailey_et_al_2003,
  author  = {Bailey, Michael and Khokhlova, V. and Sapozhnikov, Oleg and Kargl, S. and Crum, Lawrence},
  year    = {2003},
  month   = {07},
  pages   = {369-388},
  title   = {Physical Mechanisms of the Therapeutic Effect of Ultrasound (A Review)},
  volume  = {49},
  journal = {Acoust Phys},
  doi     = {10.1134/1.1591291}
}

@article{Purrington_and_Norton_2012,
  title     = {A numerical comparison of the {Westervelt} equation with viscous attenuation and a causal propagation operator},
  journal   = {Mathematics and Computers in Simulation},
  volume    = {82},
  number    = {7},
  pages     = {1287-1297},
  year      = {2012},
  note      = {Nonlinear Waves: Computation and Theory-X, WAVES 2009},
  issn      = {0378-4754},
  doi       = {https://doi.org/10.1016/j.matcom.2010.05.017},
  ignoreurl = {https://www.sciencedirect.com/science/article/pii/S0378475410001801},
  author    = {Robert D. Purrington and Guy V. Norton}
}

@inproceedings{Wang_et_al_2012,
  author    = {Wang, Kejia and Teoh, Emily and Jaros, Jiri and Treeby, Bradley},
  year      = {2012},
  month     = {10},
  pages     = {523-526},
  title     = {Modelling Nonlinear Ultrasound Propagation in Absorbing Media using the k-Wave Toolbox: Experimental Validation},
  isbn      = {978-1-4673-4561-3},
  booktitle = {IEEE International Ultrasonics Symposium, IUS},
  doi       = {10.1109/ULTSYM.2012.0130}
}

@inproceedings{Ramos_and_Nava_2012,
  author    = {J. I. Ramos and E. Nava},
  year      = {2012},
  month     = {10},
  title     = {Numerical solution of the {Lighthill-Westervelt} equation. Part 1: 1D problems},
  isbn      = {978-989-20-3284-9},
  booktitle = {Sociedade Portuguesa de Acústica}
}

@article{Blackstock_1966,
  author    = {Blackstock,David T. },
  title     = {Connection between the {Fay} and {Fubini} Solutions for Plane Sound Waves of Finite Amplitude},
  journal   = {The Journal of the Acoustical Society of America},
  volume    = {39},
  number    = {6},
  pages     = {1019-1026},
  year      = {1966},
  doi       = {10.1121/1.1909986},
  ignoreurl = {https://doi.org/10.1121/1.1909986},
  eprint    = {https://doi.org/10.1121/1.1909986}
}

@techreport{Rudnick_1952,
  title       = {Theory of the attenuation of very high amplitude sound waves},
  institution = {Soundrive Engine Co.},
  author      = {I. Rudnick},
  month       = {7},
  location    = {Los Angeles, California},
  year        = {1952}
}

@article{Fay_1931,
  author    = {Fay,R. D. },
  title     = {PLANE SOUND WAVES OF FINITE AMPLITUDE},
  journal   = {The Journal of the Acoustical Society of America},
  volume    = {3},
  number    = {2A},
  pages     = {222-241},
  year      = {1931},
  doi       = {10.1121/1.1915557},
  ignoreurl = {https://doi.org/10.1121/1.1915557},
  eprint    = {https://doi.org/10.1121/1.1915557}
}

@article{Whitham_1952,
  author    = {Whitham, G. B.},
  title     = {The flow pattern of a supersonic projectile},
  journal   = {Communications on Pure and Applied Mathematics},
  volume    = {5},
  number    = {3},
  pages     = {301-348},
  doi       = {https://doi.org/10.1002/cpa.3160050305},
  ignoreurl = {https://onlinelibrary.wiley.com/doi/abs/10.1002/cpa.3160050305},
  eprint    = {https://onlinelibrary.wiley.com/doi/pdf/10.1002/cpa.3160050305},
  year      = {1952}
}

@article{Hallaj_and_Cleveland_1999,
  author  = {Hallaj, Ibrahim M. and Cleveland, Robin O.},
  year    = {1999},
  month   = {06},
  pages   = {L7-12},
  title   = {{FDTD} simulation of finite-amplitude pressure and temperature fields for biomedical ultrasound},
  volume  = {105},
  journal = {The Journal of the Acoustical Society of America},
  doi     = {10.1121/1.426776}
}

@inproceedings{Haigh_et_al_2012,
  author    = {Haigh, Andrew and Treeby, Bradley and McCreath, Eric},
  year      = {2012},
  month     = {09},
  pages     = {241-252},
  title     = {Ultrasound Simulation on the Cell Broadband Engine Using the Westervelt Equation},
  booktitle = {Algorithms and Architectures for Parallel Processing},
  isbn      = {978-3-642-33077-3},
  doi       = {10.1007/978-3-642-33078-0_18}
}

@article{Hamilton_and_Blackstock_1988,
  author    = {Hamilton,Mark F.  and Blackstock,David T. },
  title     = {On the coefficient of nonlinearity $\beta$ in nonlinear acoustics},
  journal   = {The Journal of the Acoustical Society of America},
  volume    = {83},
  number    = {1},
  pages     = {74-77},
  year      = {1988},
  doi       = {10.1121/1.396187},
  ignoreurl = {https://doi.org/10.1121/1.396187},
  eprint    = {https://doi.org/10.1121/1.396187}
}

@book{Huang_2011,
  author    = {Huang, W. and Russell, R. D.},
  publisher = {Springer},
  title     = {Adaptive Moving Mesh Methods},
  year      = {2011},
  booktitle = {Applied Marketing Science / Angewandte Marketingforschung},
  issn      = {9781441979155},
  owner     = {fsewerin},
  timestamp = {2019.08.16}
}

@article{Jimenez_et_al_2015,
  title     = {Nonlinear Ultrasound Simulations Including Complex Frequency Dependent Attenuation},
  journal   = {Physics Procedia},
  volume    = {63},
  pages     = {108-113},
  year      = {2015},
  note      = {43rd Annual UIA Symposium 23—25 April 2014 CSIC Madrid, Spain},
  issn      = {1875-3892},
  doi       = {https://doi.org/10.1016/j.phpro.2015.03.018},
  ignoreurl = {https://www.sciencedirect.com/science/article/pii/S1875389215000899},
  author    = {N. Jiménez and J. Redondo and V. Sánchez-Morcillo and F. Camarena},
  keywords  = {Nonlinear acoustics, relaxation, attenuation, dispersion, frequency power-law, soft-tissue, FDTD}
}

@article{Liu_et_al_2018,
  author  = {Liu, Shilei and Yang, Yanye and Li, Chenghai and Guo, Xiasheng and Tu, Juan and Zhang, Dong},
  year    = {2018},
  month   = {04},
  pages   = {609},
  title   = {Prediction of HIFU Propagation in a Dispersive Medium via Khokhlov–Zabolotskaya–Kuznetsov Model Combined with a Fractional Order Derivative},
  volume  = {8},
  journal = {Applied Sciences},
  doi     = {10.3390/app8040609}
}

@article{Chen_2005,
  author  = {Chen, Wen},
  year    = {2005},
  month   = {09},
  pages   = {2601},
  title   = {Lévy Stable Distribution and [0,2] Power Law Dependence of Acoustic Absorption on Frequency in Various Lossy Media},
  volume  = {22},
  journal = {Chinese Physics Letters},
  doi     = {10.1088/0256-307X/22/10/040}
}

@article{Shevchenko_and_Kaltenbacher_2015,
  title   = {Absorbing boundary conditions for nonlinear acoustics: The Westervelt equation},
  author  = {I. Shevchenko and B. Kaltenbacher},
  journal = {J. Comput. Phys.},
  year    = {2015},
  volume  = {302},
  pages   = {200-221}
}

@article{Westervelt_1963,
  author    = {Westervelt, Peter J.},
  title     = {Parametric Acoustic Array},
  journal   = {The Journal of the Acoustical Society of America},
  volume    = {35},
  number    = {4},
  pages     = {535-537},
  year      = {1963},
  doi       = {10.1121/1.1918525},
  ignoreurl = {https://doi.org/10.1121/1.1918525},
  eprint    = {https://doi.org/10.1121/1.1918525}
}

@article{Liu_et_al_2009,
  author    = {Faqi Liu and Guanquan Zhang and Scott A. Morton and Jacques P. Leveille},
  title     = {An optimized wave equation for seismic modeling and reverse time migration},
  journal   = {GEOPHYSICS},
  volume    = {74},
  number    = {6},
  pages     = {WCA153-WCA158},
  year      = {2009},
  doi       = {10.1190/1.3223678},
  ignoreurl = {https://doi.org/10.1190/1.3223678},
  eprint    = {https://doi.org/10.1190/1.3223678}
}

@book{Hendee_and_Ritenour_2002,
  author    = {Hendee, William and Ritenour, Elston},
  publisher = {John Wiley \& Sons, Ltd},
  isbn      = {9780471221159},
  title     = {Ultrasound Waves},
  booktitle = {Medical Imaging Physics},
  chapter   = {19},
  pages     = {303-316},
  doi       = {https://doi.org/10.1002/0471221155.ch19},
  ignoreurl = {https://onlinelibrary.wiley.com/doi/abs/10.1002/0471221155.ch19},
  eprint    = {https://onlinelibrary.wiley.com/doi/pdf/10.1002/0471221155.ch19},
  year      = {2002}
}

@article{Miller_et_al_2012,
  author  = {Miller, Douglas and Smith, Nadine and Bailey, Michael and Czarnota, Gregory and Hynynen, Kullervo and Makin, Inder},
  year    = {2012},
  month   = {04},
  pages   = {623-34},
  title   = {Overview of Therapeutic Ultrasound Applications and Safety Considerations},
  volume  = {31},
  journal = {Journal of ultrasound in medicine : official journal of the American Institute of Ultrasound in Medicine},
  doi     = {10.7863/jum.2012.31.4.623}
}

@article{Norton_and_Purrington_2009,
  title   = {The Westervelt equation with viscous attenuation versus a causal propagation operator: A numerical comparison},
  journal = {Journal of Sound and Vibration},
  volume  = {327},
  number  = {1},
  pages   = {163-172},
  year    = {2009},
  issn    = {0022-460X},
  doi     = {https://doi.org/10.1016/j.jsv.2009.05.031},
  author  = {Guy V. Norton and Robert D. Purrington}
}

@book{Whitham_1999,
  author    = {G. B. Whitham},
  publisher = {John Wiley \& Sons, Ltd},
  isbn      = {9781118032954},
  title     = {Linear and Nonlinear Waves},
  doi       = {https://doi.org/10.1002/9781118032954.ch1},
  year      = {1999}
}

@article{Baars_et_al_2014,
  title     = {On cumulative nonlinear acoustic waveform distortions from high-speed jets},
  volume    = {749},
  doi       = {10.1017/jfm.2014.228},
  journal   = {Journal of Fluid Mechanics},
  publisher = {Cambridge University Press},
  author    = {Baars, W. J. and Tinney, C. E. and Wochner, M. S. and Hamilton, M. F.},
  year      = {2014},
  pages     = {331–366}
}

@article{Junru_2018,
  author    = {Wu, Junru},
  year      = {2018},
  month     = {12},
  pages     = {108},
  title     = {Acoustic Streaming and Its Applications},
  volume    = {3},
  journal   = {Fluids},
  ignoreurl = {https://www.mdpi.com/2311-5521/3/4/108},
  doi       = {10.3390/fluids3040108}
}

@article{Prosperetti_and_Lezzi_1986,
  title     = {Bubble dynamics in a compressible liquid. Part 1. First-order theory},
  volume    = {168},
  doi       = {10.1017/S0022112086000460},
  journal   = {Journal of Fluid Mechanics},
  publisher = {Cambridge University Press},
  author    = {Prosperetti, A. and Lezzi, A.},
  year      = {1986},
  pages     = {457–478}
}

@article{Alonso_et_al_2013,
  author  = {Alonso, Ricardo and Borcea, Liliana and Garnier, Josselin},
  year    = {2013},
  month   = {03},
  pages   = {233-267},
  title   = {WAVE PROPAGATION IN WAVEGUIDES WITH RANDOM BOUNDARIES},
  volume  = {11},
  journal = {Communications in mathematical sciences}
}

@article{Hawking_1975,
  author    = {S. W. Hawking},
  title     = {{Particle creation by black holes}},
  volume    = {43},
  journal   = {Communications in Mathematical Physics},
  number    = {3},
  publisher = {Springer},
  pages     = {199 -- 220},
  year      = {1975},
  doi       = {cmp/1103899181},
  ignoreurl = {https://doi.org/}
}

@article{Unruh_1981,
  title     = {Experimental Black-Hole Evaporation?},
  author    = {Unruh, W. G.},
  journal   = {Phys. Rev. Lett.},
  volume    = {46},
  issue     = {21},
  pages     = {1351--1353},
  numpages  = {0},
  year      = {1981},
  month     = {May},
  publisher = {American Physical Society},
  doi       = {10.1103/PhysRevLett.46.1351},
  ignoreurl = {https://link.aps.org/doi/10.1103/PhysRevLett.46.1351}
}

@inproceedings{Masovic_et_al_2017,
  author    = {Masovic, D.  and Nijman, E.  and Rejlek, J.  and Höldrich, R. },
  title     = {Towards a Boundary Condition for Convective Wave Equation and Sound Diffraction at a Trailing Edge Inside Flow},
  booktitle = {Proceedings DAGA 2017 (DAGA 2017)},
  year      = {2017},
  address   = {Kiel (Germany)},
  edition   = {full paper},
  month     = 08
}

@inproceedings{Kaltenbacher_and_Hueppe_2018,
  author    = {M. Kaltenbacher and A. H\"{u}ppe},
  title     = {Advanced Finite Element Formulation for the Convective Wave Equation},
  booktitle = {Euronoise},
  year      = {2018},
  address   = {Crete (Greece)},
  month     = 05
}

@article{Doak_1973,
  title     = {Analysis of internally generated sound in continuous materials: 3. The momentum potential field description of fluctuating fluid motion as a basis for a unified theory of internally generated sound},
  journal   = {Journal of Sound and Vibration},
  volume    = {26},
  number    = {1},
  pages     = {91-120},
  year      = {1973},
  issn      = {0022-460X},
  doi       = {https://doi.org/10.1016/S0022-460X(73)80207-X},
  ignoreurl = {https://www.sciencedirect.com/science/article/pii/S0022460X7380207X},
  author    = {P.E. Doak}
}

@article{Ferguson_1993,
  author    = {Ferguson, Brian G. },
  title     = {Doppler effect for sound emitted by a moving airborne source and received by acoustic sensors located above and below the sea surface},
  journal   = {The Journal of the Acoustical Society of America},
  volume    = {94},
  number    = {6},
  pages     = {3244-3247},
  year      = {1993},
  doi       = {10.1121/1.407230},
  ignoreurl = {https://doi.org/10.1121/1.407230}
}

@article{Visser_1998,
  title   = {{Acoustic black holes: horizons, ergospheres and Hawking radiation}},
  author  = {Matt Visser},
  journal = {Classical and Quantum Gravity},
  year    = {1998},
  volume  = {15},
  pages   = {1767-1791}
}

@book{Franc_Michel_2005,
  author    = {Franc, Jean-Pierre and Michel, J.-M},
  year      = {2005},
  publisher = {Springer},
  month     = {01},
  title     = {Fundamentals of Cavitation},
  volume    = {76},
  isbn      = {978-1-4020-2233-3}
}

@article{Rocha_2017,
  author  = {Rocha, Roldão da},
  year    = {2017},
  month   = {05},
  pages   = {355},
  title   = {{Black hole acoustics in the minimal geometric deformation of a de Laval nozzle}},
  volume  = {77},
  journal = {European Physical Journal C},
  doi     = {10.1140/epjc/s10052-017-4926-2}
}

@article{Schenke_et_al_2022,
  title     = {Explicit predictor–corrector method for nonlinear acoustic waves excited by a moving wave emitting boundary},
  journal   = {Journal of Sound and Vibration},
  volume    = {527},
  pages     = {116814},
  year      = {2022},
  issn      = {0022-460X},
  doi       = {https://doi.org/10.1016/j.jsv.2022.116814},
  ignoreurl = {https://www.sciencedirect.com/science/article/pii/S0022460X22000645},
  author    = {Sören Schenke and Fabian Sewerin and Berend {van Wachem} and Fabian Denner}
}

@article{Akhmedova_et_al_2021,
  author  = {Akhmedova, V. and Takebe, T. and Zabrodin, A.},
  year    = {2021},
  month   = {01},
  pages   = {104100},
  title   = {Löwner equations and reductions of dispersionless hierarchies},
  volume  = {162},
  journal = {Journal of Geometry and Physics},
  doi     = {10.1016/j.geomphys.2021.104100}
}

@article{Chamberland_and_Gasull_2010,
  author  = {Chamberland, Marc and Gasull, Armengol},
  year    = {2010},
  month   = {11},
  pages   = {29-38},
  title   = {Chini Equations and Isochronous Centers in Three-Dimensional Differential Systems},
  volume  = {9},
  journal = {Qualitative Theory of Dynamical Systems},
  doi     = {10.1007/s12346-010-0019-4}
}

@book{Chini_1924,
  title     = {Sull'integrazione di alcune equazioni differenziali del primo ordine: nota},
  author    = {Chini, M.},
  ignoreurl = {https://books.google.de/books?id=JZ20nQAACAAJ},
  year      = {1924},
  publisher = {Hoepli}
}

@article{De_Vries_et_al_2001,
  author  = {de Vries, Diemer and Hulsebos, Edo and Baan, Jan},
  year    = {2001},
  month   = {08},
  pages   = {947-954},
  title   = {Spatial fluctuations in measures for spaciousness},
  volume  = {110},
  journal = {Journal of The Acoustical Society of America - J ACOUST SOC AMER},
  doi     = {10.1121/1.1377634}
}


@article{Beranek_2016,
  author    = {Beranek,Leo L. },
  title     = {Concert hall acoustics: Recent findings},
  journal   = {The Journal of the Acoustical Society of America},
  volume    = {139},
  number    = {4},
  pages     = {1548-1556},
  year      = {2016},
  doi       = {10.1121/1.4944787},
  ignoreurl = {https://doi.org/10.1121/1.4944787},
  eprint    = { https://doi.org/10.1121/1.4944787}
}

@inproceedings{Witew_and_Vorlaender_2010,
  author    = {Witew, Ingo and Dietrich, Pascal and Vries, Diemer and Vorlaender, Michael},
  year      = {2010},
  month     = {08},
  booktitle = {Proceedings of the International Symposium on Room Acoustics (ISRA)},
  pages     = {},
  title     = {Uncertainty of room acoustic measurements –- How many measurement positions are necessary to describe the conditions in auditoria?}
}

@techreport{Gilmore_1952,
  title         = {The growth or collapse of a spherical bubble in a viscous compressible liquid},
  ignoreurl     = {https://resolver.caltech.edu/CaltechAUTHORS:Gilmore_fr_26-4},
  number        = {No. 26-4},
  ignoreurldate = {2019-11-09},
  institution   = {California Institute of Technology},
  author        = {Gilmore, Forrest R.},
  year          = {1952},
  file          = {Snapshot:/home/soeren/Zotero/storage/R6WKZK59/561.html:text/html;Full Text PDF:/home/soeren/Zotero/storage/QCPZ4UF7/Gilmore - 1952 - The growth or collapse of a spherical bubble in a .pdf:application/pdf}
}

@article{Guemmer_2021,
  title     = {Modelling Lipid-Coated Microbubbles in Focused Ultrasound Applications at Subresonance Frequencies},
  journal   = {Ultrasound in Medicine \& Biology},
  volume    = {47},
  number    = {10},
  pages     = {2958-2979},
  year      = {2021},
  issn      = {0301-5629},
  doi       = {https://doi.org/10.1016/j.ultrasmedbio.2021.06.012},
  ignoreurl = {https://www.sciencedirect.com/science/article/pii/S030156292100288X},
  author    = {Jonas G\"{u}mmer and S\"{o}ren Schenke and Fabian Denner},
  keywords  = {Ultrasound contrast agents, Focused ultrasound, Nonlinear bubble dynamics, Acoustic emissions, Inertial cavitation}
}

@article{Zhang_et_al_2021,
  author    = {Zhang,Jingxiao and Wang,Shushan and Jia,Xiyu and Gao,Yuan and Ma,Feng},
  title     = {An improved Kirkwood–Bethe model for calculating near-field shockwave propagation of underwater explosions},
  journal   = {AIP Advances},
  volume    = {11},
  number    = {3},
  pages     = {035123},
  year      = {2021},
  doi       = {10.1063/5.0040224},
  ignoreurl = {https://doi.org/10.1063/5.0040224},
  eprint    = {https://doi.org/10.1063/5.0040224}
}

@article{Cardoso_et_al_2016,
  title     = {Detecting Rotational Superradiance in Fluid Laboratories},
  author    = {Cardoso, Vitor and Coutant, Antonin and Richartz, Mauricio and Weinfurtner, Silke},
  journal   = {Phys. Rev. Lett.},
  volume    = {117},
  issue     = {27},
  pages     = {271101},
  numpages  = {6},
  year      = {2016},
  month     = {Dec},
  publisher = {American Physical Society},
  doi       = {10.1103/PhysRevLett.117.271101},
  ignoreurl = {https://link.aps.org/doi/10.1103/PhysRevLett.117.271101}
}

@inproceedings{Vocke_et_al_2017,
  author    = {Vocke, David and Maitland, Calum and Prain, Angus and Marino, Francesco and Faccio, Daniele},
  booktitle = {2017 Conference on Lasers and Electro-Optics Europe   European Quantum Electronics Conference (CLEO/Europe-EQEC)},
  title     = {Two-dimensional acoustic horizon and ergosphere in a nonlocal photon superfluid},
  year      = {2017},
  volume    = {},
  number    = {},
  pages     = {1-1},
  doi       = {10.1109/CLEOE-EQEC.2017.8087556}
}
 
 @article{Torres_et_al_2017,
  title             = {Rotational superradiant scattering in a vortex flow},
  doi               = {10.1038/nphys4151},
  eissn             = {1745-2481},
  issn              = {1745-2473},
  journal           = {Nature Physics},
  publicationstatus = {Published},
  publisher         = {Nature Publishing Group},
  ignoreurl         = {http://eprints.nottingham.ac.uk/id/eprint/43862},
  volume            = {13},
  keyword           = {Fluid dynamics, High-energy astrophysics},
  year              = {2017},
  author            = {Torres, Theo and Patrick, Sam and Coutant, Antonin and Richartz, Mauricio and Tedford, Edmund  W. and Weinfurtner, Silke}
}
 
 @article{Basak_and_Majumdar_2003,
  doi       = {10.1088/0264-9381/20/18/304},
  ignoreurl = {https://doi.org/10.1088/0264-9381/20/18/304},
  year      = 2003,
  month     = {aug},
  publisher = {{IOP} Publishing},
  volume    = {20},
  number    = {18},
  pages     = {3907--3913},
  author    = {Soumen Basak and Parthasarathi Majumdar},
  title     = {~Superresonance~ from a rotating acoustic black hole},
  journal   = {Classical and Quantum Gravity}
}
 
 @article{Demirkaya_et_al_2020,
  doi       = {10.1088/1402-4896/ab7652},
  ignoreurl = {https://doi.org/10.1088/1402-4896/ab7652},
  year      = 2020,
  month     = {feb},
  publisher = {{IOP} Publishing},
  volume    = {95},
  number    = {5},
  pages     = {055001},
  author    = {Betül Demirkaya and Tekin Dereli and Kaan Güven},
  title     = {Acoustic superradiance from a Bose{\textendash}Einstein condensate vortex with a self-consistent background density profile},
  journal   = {Physica Scripta}
}

@article{Barcelo_et_al_2003,
  author    = {Barceló, Carlos and Liberati, Stefano and Visser, Matt},
  title     = {Towards the Observation of Hawking Radiation in Bose–Einstein Condensates},
  journal   = {International Journal of Modern Physics A},
  volume    = {18},
  number    = {21},
  pages     = {3735-3745},
  year      = {2003},
  doi       = {10.1142/S0217751X0301615X},
  ignoreurl = {https://doi.org/10.1142/S0217751X0301615X},
  eprint    = {https://doi.org/10.1142/S0217751X0301615X}
}

@article{Almeida_2021,
  author    = {Almeida, Carla Rodrigues},
  title     = {The thermodynamics of black holes: from Penrose process to Hawking radiation},
  journal   = {The European Physical Journal H},
  volume    = {46},
  number    = {1},
  year      = {2021},
  doi       = {10.1140/epjh/s13129-021-00022-9},
  ignoreurl = https://doi.org/10.1140/epjh/s13129-021-00022-9
}
}

@article{Fulling_1977,
  title     = {"Radiation" and "vacuum polarization" near a black hole},
  author    = {Fulling, S. A.},
  journal   = {Phys. Rev. D},
  volume    = {15},
  issue     = {8},
  pages     = {2411--2414},
  numpages  = {0},
  year      = {1977},
  month     = {Apr},
  publisher = {American Physical Society},
  doi       = {10.1103/PhysRevD.15.2411},
  ignoreurl = {https://link.aps.org/doi/10.1103/PhysRevD.15.2411}
}

@article{DeWitt_1975,
  title     = {Quantum field theory in curved spacetime},
  author    = {De Witt, Bryce S.},
  journal   = {Physics Reports},
  volume    = {19},
  number    = {6},
  pages     = {295-357},
  year      = {1975},
  issn      = {0370-1573},
  doi       = {https://doi.org/10.1016/0370-1573(75)90051-4},
  ignoreurl = {https://www.sciencedirect.com/science/article/pii/037015737590051}
}

@article{Giovanazzi_2005,
  title     = {Hawking Radiation in Sonic Black Holes},
  author    = {Giovanazzi, S.},
  journal   = {Phys. Rev. Lett.},
  volume    = {94},
  issue     = {6},
  pages     = {061302},
  numpages  = {4},
  year      = {2005},
  month     = {Feb},
  publisher = {American Physical Society},
  doi       = {10.1103/PhysRevLett.94.061302},
  ignoreurl = {https://link.aps.org/doi/10.1103/PhysRevLett.94.061302}
}

@article{ZelDovich_1971,
  title   = {Generation of Waves by a Rotating Body},
  author  = {Zel'Dovich, Y. B.},
  journal = {Journal of Experimental and Theoretical Physics Letters},
  volume  = {14},
  pages   = {180},
  year    = {1971}
}

@article{Balbinot_2005,
  title     = {Quantum effects in acoustic black holes: The backreaction},
  author    = {Balbinot, R. and Fagnocchi, S. and Fabbri, A.},
  journal   = {Phys. Rev. D},
  volume    = {71},
  issue     = {6},
  pages     = {064019},
  numpages  = {11},
  year      = {2005},
  month     = {Mar},
  publisher = {American Physical Society},
  doi       = {10.1103/PhysRevD.71.064019},
  ignoreurl = {https://link.aps.org/doi/10.1103/PhysRevD.71.064019}
}

@techreport{Kirkwood_and_Bethe_1942,
  title       = {The pressure wave produced by an underwater explosion (OSRD Report No. 588)},
  institution = {Office of Scientific Research and Development},
  author      = {J. G. Kirkwood and H. A. Bethe},
  year        = {1942}
}

@article{Cuyubamba_2013,
  doi       = {10.1088/0264-9381/30/19/195005},
  ignoreurl = {https://doi.org/10.1088/0264-9381/30/19/195005},
  year      = 2013,
  month     = {sep},
  publisher = {{IOP} Publishing},
  volume    = {30},
  number    = {19},
  pages     = {195005},
  author    = {M. A. Cuyubamba},
  title     = {Laval nozzle as an acoustic analogue of a massive field},
  journal   = {Classical and Quantum Gravity}
}

@book{Brito_et_al_2015,
  author    = {Brito, Richard and Cardoso, Vitor and Pani, Paolo},
  year      = {2015},
  publisher = {Springer},
  title     = {Superradiance},
  isbn      = {978-3-319-18999-4},
  doi       = {10.1007/978-3-319-19000-6}
}

@article{Oglat_et_al_2018,
  doi       = {10.4103/JMU.JMU\_11\_17},
  ignoreurl = {https://www.ncbi.nlm.nih.gov/pmc/articles/PMC6029191},
  year      = 2018,
  volume    = {26},
  issue     = {1},
  number    = {19},
  author    = {Oglat, Ammar A and Matjafri, M Z and Suardi, Nursakinah and Oqlat, Mohammad A and Abdelrahman, Mostafa A and Oqlat, Ahmad A},
  title     = {A Review of Medical Doppler Ultrasonography of Blood Flow in General and Especially in Common Carotid Artery},
  journal   = {Journal of medical ultrasound}
}

@article{Rohren_et_al_2003,
  author    = {Rohren, Eric M. and Kliewer, Mark A. and Carroll, Barbara A. and Hertzberg, Barbara S.},
  title     = {A Spectrum of Doppler Waveforms in the Carotid and Vertebral Arteries},
  journal   = {American Journal of Roentgenology},
  volume    = {181},
  number    = {6},
  pages     = {1695-1704},
  year      = {2003},
  doi       = {10.2214/ajr.181.6.1811695},
  note      = {PMID: 14627599},
  ignoreurl = {https://doi.org/10.2214/ajr.181.6.1811695},
  eprint    = {https://doi.org/10.2214/ajr.181.6.1811695}
}

@article{Carpentier_2016,
  title    = {Clinical Trial of Blood-Brain Barrier Disruption by Pulsed Ultrasound},
  author   = {Carpentier, Alexandre and Canney, Michael and Vignot, Alexandre and Reina, Vincent and Beccaria, Kevin and Horodyckid, Catherine and Karachi, Carine and Leclercq, Delphine and Lafon, Cyril and Chapelon, Jean-Yves and Capelle, Laurent and Cornu, Philippe and Sanson, Marc and {Hoang-Xuan}, Kh{\^e} and Delattre, Jean-Yves and Idbaih, Ahmed},
  year     = {2016},
  month    = jun,
  volume   = {8},
  pages    = {343re2-343re2},
  issn     = {1946-6234, 1946-6242},
  doi      = {10.1126/scitranslmed.aaf6086},
  journal  = {Science Translational Medicine},
  language = {en},
  number   = {343}
}

@article{Lipsman2018,
  title    = {Blood\textendash Brain Barrier Opening in {{Alzheimer}}'s Disease Using {{MR}}-Guided Focused Ultrasound},
  author   = {Lipsman, Nir and Meng, Ying and Bethune, Allison J. and Huang, Yuexi and Lam, Benjamin and Masellis, Mario and Herrmann, Nathan and Heyn, Chinthaka and Aubert, Isabelle and Boutet, Alexandre and Smith, Gwenn S. and Hynynen, Kullervo and Black, Sandra E.},
  year     = {2018},
  month    = dec,
  volume   = {9},
  issn     = {2041-1723},
  doi      = {10.1038/s41467-018-04529-6},
  journal  = {Nature Communications},
  language = {en},
  number   = {1}
}

@article{Unruh_1995,
  title     = {Sonic analogue of black holes and the effects of high frequencies on black hole evaporation},
  author    = {Unruh, W. G.},
  journal   = {Phys. Rev. D},
  volume    = {51},
  issue     = {6},
  pages     = {2827--2838},
  numpages  = {0},
  year      = {1995},
  month     = {Mar},
  publisher = {American Physical Society},
  doi       = {10.1103/PhysRevD.51.2827},
  ignoreurl = {https://link.aps.org/doi/10.1103/PhysRevD.51.2827}
}

@book{Gustafsson_2008,
  author    = {Gustafsson, Wilma B.},
  year      = {2008},
  publisher = {Nova Publishers},
  title     = {New Gene Therapy and Cancer Research},
  isbn      = {9781600219696}
}

@article{Zhang_et_al_2015,
  author    = {Lian Zhang and Wenyi Zhang and Franco Orsi and Wenzhi Chen and Zhibiao Wang},
  title     = {Ultrasound-guided high intensity focused ultrasound for the treatment of gynaecological diseases: A review of safety and efficacy},
  journal   = {International Journal of Hyperthermia},
  volume    = {31},
  number    = {3},
  pages     = {280-284},
  year      = {2015},
  publisher = {Taylor & Francis},
  doi       = {10.3109/02656736.2014.996790},
  note      = {PMID: 25609456},
  ignoreurl = {https://doi.org/10.3109/02656736.2014.996790},
  eprint    = {https://doi.org/10.3109/02656736.2014.996790}
}

@article{Magee_2020,
  author    = {Magee, P.},
  title     = {Essential notes on the physics of Doppler ultrasound},
  journal   = {International Journal of Hyperthermia},
  volume    = {20},
  issue     = {4},
  pages     = {112-113},
  year      = {2020},
  doi       = {10.1016/j.bjae.2020.01.003},
  ignoreurl = {https://doi.org/10.1016/j.bjae.2020.01.003}
}

@article{Chavanis_2012,
  title     = {{Bose-Einstein condensate general relativistic stars}},
  author    = {Chavanis, Pierre-Henri and Harko, Tiberiu},
  journal   = {Phys. Rev. D},
  volume    = {86},
  issue     = {6},
  pages     = {064011},
  numpages  = {21},
  year      = {2012},
  month     = {Sep},
  publisher = {American Physical Society},
  doi       = {10.1103/PhysRevD.86.064011},
  ignoreurl = {https://link.aps.org/doi/10.1103/PhysRevD.86.064011}
}

@article{Boehmer_and_Harko_2007,
  doi       = {10.1088/1475-7516/2007/06/025},
  ignoreurl = {https://doi.org/10.1088/1475-7516/2007/06/025},
  year      = 2007,
  month     = {jun},
  publisher = {{IOP} Publishing},
  volume    = {2007},
  number    = {06},
  pages     = {025--025},
  author    = {C G B\"{o}hmer and T Harko},
  title     = {{Can dark matter be a Bose{\textendash}Einstein condensate?}},
  journal   = {Journal of Cosmology and Astroparticle Physics}
}

@article{Long_and_Arndt_1984,
  author  = {Long, D. and Arndt, Roger},
  year    = {1984},
  month   = {01},
  pages   = {},
  title   = {{The role of Helmholtz number in jet noise}},
  journal = {AIAA 22nd Aerospace Sciences Meeting},
  doi     = {10.2514/6.1984-403}
}

@article{Anacleto_et_al_2017,
  author  = {Anacleto, M. and Brito, F. and Mohammadi, Azadeh and Passos, Eduardo},
  year    = {2017},
  month   = {04},
  pages   = {239},
  title   = {Aharonov–Bohm effect for a fermion field in a planar black hole “spacetime”},
  volume  = {77},
  journal = {The European Physical Journal C},
  doi     = {10.1140/epjc/s10052-017-4801-1}
}

@article{Shankar_et_al_2011,
  author    = {Shankar, Hariharan and Pagel, Paul S. and Warner, David S.},
  title     = {{Potential Adverse Ultrasound-related Biological Effects: A Critical Review}},
  journal   = {Anesthesiology},
  volume    = {115},
  number    = {5},
  pages     = {1109-1124},
  year      = {2011},
  month     = {11},
  issn      = {0003-3022},
  doi       = {10.1097/ALN.0b013e31822fd1f1},
  ignoreurl = {https://doi.org/10.1097/ALN.0b013e31822fd1f1},
  eprint    = {https://pubs.asahq.org/anesthesiology/article-pdf/115/5/1109/452453/0000542-201111000-00037.pdf}
}

@article{Versluis_et_al_2020,
  title     = {Ultrasound Contrast Agent Modeling: A Review},
  journal   = {Ultrasound in Medicine \& Biology},
  volume    = {46},
  number    = {9},
  pages     = {2117-2144},
  year      = {2020},
  issn      = {0301-5629},
  doi       = {https://doi.org/10.1016/j.ultrasmedbio.2020.04.014},
  ignoreurl = {https://www.sciencedirect.com/science/article/pii/S0301562920301861},
  author    = {Michel Versluis and Eleanor Stride and Guillaume Lajoinie and Benjamin Dollet and Tim Segers},
  keywords  = {Ultrasound contrast agents, Microbubble dynamics, Modeling}
}

@article{Song_et_al_2019,
  title     = {Non-linear Acoustic Emissions from Therapeutically Driven Contrast Agent Microbubbles},
  journal   = {Ultrasound in Medicine \& Biology},
  volume    = {45},
  number    = {8},
  pages     = {2188-2204},
  year      = {2019},
  issn      = {0301-5629},
  doi       = {https://doi.org/10.1016/j.ultrasmedbio.2019.04.005},
  ignoreurl = {https://www.sciencedirect.com/science/article/pii/S0301562919301425},
  author    = {Jae Hee Song and Alexandru Moldovan and Paul Prentice},
  keywords  = {Microbubble, Cavitation, Focused ultrasound, Acoustic emissions, Bubble collapse, Shock wave}
}

@article{Cherubini_2005,
  title   = {Excised acoustic black holes: the scattering problem in the time domain},
  author  = {Christian Cherubini and Francesca Federici and Sauro Succi and Mario P. Tosi},
  journal = {Physical Review D},
  year    = {2005},
  volume  = {72},
  pages   = {084016}
}

@article{Steinhauer_2016,
  title     = {Observation of quantum Hawking radiation and its entanglement in an analogue black hole},
  journal   = {Nature Physics},
  volume    = {12},
  issue     = {10},
  year      = {2016},
  doi       = {10.1038/nphys3863},
  ignoreurl = {https://doi.org/10.1038/nphys3863},
  author    = {Steinhauer, Jeff}
}

@article{Prosperetti_1984,
  title     = {Bubble phenomena in sound fields: part one},
  journal   = {Ultrasonics},
  volume    = {22},
  number    = {2},
  pages     = {69-77},
  year      = {1984},
  issn      = {0041-624X},
  doi       = {https://doi.org/10.1016/0041-624X(84)90024-6},
  ignoreurl = {https://www.sciencedirect.com/science/article/pii/0041624X84900246},
  author    = {A. Prosperetti},
  keywords  = {ultrasonics, cavitation, bubble dynamics}
}

@article{Heimdal_and_Torp_1997,
  author  = {Heimdal, A. and Torp, H.},
  journal = {IEEE Transactions on Ultrasonics, Ferroelectrics, and Frequency Control},
  title   = {Ultrasound doppler measurements of low velocity blood flow: limitations due to clutter signals from vibrating muscles},
  year    = {1997},
  volume  = {44},
  number  = {4},
  pages   = {873-881},
  doi     = {10.1109/58.655202}
}

@article{Zhang_et_al_2020,
  author    = {AU  - Zhang, Naiyuan and Ashikuzzaman, M. and Rivaz, Hassan},
  journal   = {BioMedical Engineering OnLine},
  title     = {Clutter suppression in ultrasound: performance evaluation and review of low-rank and sparse matrix decomposition methods},
  year      = {2020},
  volume    = {19},
  issue     = {1},
  ignoreurl = {https://doi.org/10.1186/s12938-020-00778-z},
  doi       = {10.1186/s12938-020-00778-z}
}

@phdthesis{Johansen_2018,
  author = {Kristoffer Johansen},
  title  = {Stable-inertial cavitation},
  school = {University of Glasgow},
  year   = {2018}
}

@article{Anacleto_et_al_2011,
  title     = {{Superresonance effect from a rotating acoustic black hole and Lorentz symmetry breaking}},
  journal   = {Physics Letters B},
  volume    = {703},
  number    = {5},
  pages     = {609-613},
  year      = {2011},
  issn      = {0370-2693},
  doi       = {https://doi.org/10.1016/j.physletb.2011.08.040},
  ignoreurl = {https://www.sciencedirect.com/science/article/pii/S0370269311009889},
  author    = {M.A. Anacleto and F.A. Brito and E. Passos}
}

@article{Demene_et_al_2015,
  author  = {Demené, Charlie and Deffieux, Thomas and Pernot, Mathieu and Osmanski, Bruno-Felix and Biran, Valerie and Franchi-Abella, Stéphanie and Correas, Jean-Michel and Cohen, Ivan and Baud, Olivier and Tanter, Mickaël},
  year    = {2015},
  month   = {04},
  pages   = {},
  title   = {Spatiotemporal Clutter Filtering of Ultrafast Ultrasound Data Highly Increases Doppler and fUltrasound Sensitivity},
  volume  = {34},
  journal = {IEEE transactions on medical imaging},
  doi     = {10.1109/TMI.2015.2428634}
}

@article{Lok_et_al_2020,
  title     = {Real time SVD-based clutter filtering using randomized singular value decomposition and spatial downsampling for micro-vessel imaging on a Verasonics ultrasound system},
  journal   = {Ultrasonics},
  volume    = {107},
  pages     = {106163},
  year      = {2020},
  issn      = {0041-624X},
  doi       = {https://doi.org/10.1016/j.ultras.2020.106163},
  ignoreurl = {https://www.sciencedirect.com/science/article/pii/S0041624X20301025},
  author    = {U-Wai Lok and Pengfei Song and Joshua D. Trzasko and Ron Daigle and Eric A. Borisch and Chengwu Huang and Ping Gong and Shanshan Tang and Wenwu Ling and Shigao Chen},
  keywords  = {Randomized SVD, Spatial downsampling, Micro-vessel imaging}
}

@articleinfo{Elblbesy_2021,
  title     = {The refractive index of human blood measured at the visible spectral region by single-fiber reflectance spectroscopy},
  journal   = {AIMS Biophysics},
  volume    = {8},
  issue     = {1},
  pages     = {57},
  year      = {2021},
  issn      = {2377-9098},
  doi       = {10.3934/biophy.2021004},
  ignoreurl = {aimspress.com/article/id/5fdc3fd9ba35de5526613e25},
  author    = {Mohamed A. Elblbesy}
}

@article{Zhang_2016,
  author  = {Zhang, Qinghui and Zhang, Yufeng and Zhou, Yi and Zhang, Kun and Zhang, Kexin and Gao, Lian},
  year    = {2016},
  month   = {07},
  pages   = {1-16},
  title   = {An Ultrasound Simulation Model for the Pulsatile Blood Flow Modulated by the Motion of Stenosed Vessel Wall},
  volume  = {2016},
  journal = {BioMed Research International},
  doi     = {10.1155/2016/8502873}
}

@article{Mur_1981,
  title   = {Absorbing Boundary Conditions for the Finite-Difference Approximation of the Time-Domain Electromagnetic-Field Equations},
  author  = {Gerrit Mur},
  journal = {IEEE Transactions on Electromagnetic Compatibility},
  year    = {1981},
  volume  = {EMC-23},
  pages   = {377-382}
}

@article{Mao_et_al_2014,
  author  = {Mao, Yunlong and Elsherbeni, Atef and Li, Si and Jiang, Tao},
  year    = {2014},
  month   = {12},
  pages   = {1035-1046},
  title   = {Surface Impedance Absorbing Boundary for Terminating FDTD Simulations},
  volume  = {29},
  journal = {Applied Computational Electromagnetics Society Journal}
}

@article{Kuzuoglu_and_Mittra_1996,
  author  = {Kuzuoglu, M. and Mittra, R.},
  journal = {IEEE Microwave and Guided Wave Letters},
  title   = {Frequency dependence of the constitutive parameters of causal perfectly matched anisotropic absorbers},
  year    = {1996},
  volume  = {6},
  number  = {12},
  pages   = {447-449},
  doi     = {10.1109/75.544545}
}

@article{Pekmezci_et_al_2018,
  author  = {Pekmezci, Aysegul and Topuz, Ercan and Sevgi, Levent},
  year    = {2018},
  month   = {07},
  pages   = {},
  title   = {First and second order mur type ABCs for DNG media},
  volume  = {33},
  journal = {Applied Computational Electromagnetics Society Journal}
}

@article{Cole_and_Zhu_2009,
  author  = {Cole, James and Zhu, D.},
  year    = {2009},
  month   = {08},
  pages   = {375-381},
  title   = {Improved Version of the Second-Order Mur Absorbing Boundary Condition Based on a Nonstandard Finite Difference Model},
  volume  = {24},
  journal = {Applied Computational Electromagnetics Society Journal}
}

@book{Povey_2007,
  author    = {Povey, Glenn},
  year      = {2007},
  publisher = {Mind Head Publishing},
  title     = {Echoes: The Complete History of Pink Floyd},
  isbn      = {ISBN 978-0-9554624-0-5}
}

@article{Dormand_and_Prince_1980,
  title   = {A Family of Embedded {{Runge}}-{{Kutta}} Formulae},
  author  = {Dormand, J.R. and Prince, P.J.},
  year    = {1980},
  month   = mar,
  volume  = {6},
  pages   = {19--26},
  issn    = {03770427},
  doi     = {10.1016/0771-050X(80)90013-3},
  journal = {Journal of Computational and Applied Mathematics},
  number  = {1}
}

@article{Schneider_1999,
  title   = {Characteristics of {{SonoVue}}\texttrademark},
  author  = {Schneider, Michel},
  year    = {1999},
  volume  = {16},
  pages   = {743--746},
  issn    = {1540-8175},
  doi     = {10.1111/j.1540-8175.1999.tb00144.x},
  journal = {Echocardiography},
  number  = {s1}
}

@article{Keller_and_Miksis_1980,
  title   = {Bubble Oscillations of Large Amplitude},
  author  = {Keller, Joseph B. and Miksis, Michael},
  year    = {1980},
  month   = aug,
  volume  = {68},
  pages   = {628--633},
  issn    = {0001-4966},
  doi     = {10.1121/1.384720},
  journal = {The Journal of the Acoustical Society of America},
  number  = {2}
}

@article{Gregory_et_al_2015,
  author  = {Gregory, Alastair and Sinayoko, Samuel and Agarwal, Anurag and Lasenby, Joan},
  year    = {2015},
  month   = {11},
  pages   = {977-1003},
  title   = {{An Acoustic Space-Time and the Lorentz Transformation in Aeroacoustics}},
  volume  = {14},
  journal = {International Journal of Aeroacoustics},
  doi     = {10.1260/1475-472X.14.7.977}
}

@article{Prosperetti_1977,
  author    = {Prosperetti,Andrea },
  title     = {Thermal effects and damping mechanisms in the forced radial oscillations of gas bubbles in liquids},
  journal   = {The Journal of the Acoustical Society of America},
  volume    = {61},
  number    = {1},
  pages     = {17-27},
  year      = {1977},
  doi       = {10.1121/1.381252},
  ignoreurl = {https://doi.org/10.1121/1.381252},
  eprint    = {https://doi.org/10.1121/1.381252}
}

@article{Bilic_1999,
  doi       = {10.1088/0264-9381/16/12/312},
  ignoreurl = {https://doi.org/10.1088/0264-9381/16/12/312},
  year      = 1999,
  month     = {nov},
  publisher = {{IOP} Publishing},
  volume    = {16},
  number    = {12},
  pages     = {3953--3964},
  author    = {Neven Bilic},
  title     = {Relativistic acoustic geometry},
  journal   = {Classical and Quantum Gravity}
}

@inbook{Chow_2008,
  author    = {Chow, Tai L.},
  title     = {The Physics of Black Holes},
  booktitle = {Gravity, Black Holes, and the Very Early Universe: An Introduction to General Relativity and Cosmology},
  year      = {2008},
  publisher = {Springer New York},
  address   = {New York, NY},
  pages     = {81--109},
  isbn      = {978-0-387-73631-0},
  doi       = {10.1007/978-0-387-73631-0_6},
  ignoreurl = {https://doi.org/10.1007/978-0-387-73631-0_6}
}

@article{Williams_and_Dyson_1994,
  author    = {Williams, R. J. R. and Dyson, J. E.},
  title     = {{On sonic transitions in astrophysical flows}},
  journal   = {Monthly Notices of the Royal Astronomical Society},
  volume    = {270},
  number    = {1},
  pages     = {L52-L56},
  year      = {1994},
  month     = {09},
  issn      = {0035-8711},
  doi       = {10.1093/mnras/270.1.L52},
  ignoreurl = {https://doi.org/10.1093/mnras/270.1.L52},
  eprint    = {https://academic.oup.com/mnras/article-pdf/270/1/L52/3890856/mnras270-0L52.pdf}
}

@article{Treves_1988,
  doi       = {10.1086/132189},
  ignoreurl = {https://doi.org/10.1086/132189},
  year      = 1988,
  month     = {apr},
  publisher = {{IOP} Publishing},
  volume    = {100},
  pages     = {427},
  author    = {A. Treves and L. Maraschi and M. Abramowicz},
  title     = {Basic elements of the theory of accretion},
  journal   = {Publications of the Astronomical Society of the Pacific}
}

@article{Furuhashi_et_al_2006,
  doi       = {10.1088/0264-9381/23/17/018},
  ignoreurl = {https://doi.org/10.1088/0264-9381/23/17/018},
  year      = 2006,
  month     = {aug},
  publisher = {{IOP} Publishing},
  volume    = {23},
  number    = {17},
  pages     = {5417--5438},
  author    = {Hironobu Furuhashi and Yasusada Nambu and Hiromi Saida},
  title     = {{Simulation of an acoustic black hole in a Laval nozzle}},
  journal   = {Classical and Quantum Gravity}
}

@article{Jain_et_al_2007,
  title     = {{Quantum de Laval nozzle: Stability and quantum dynamics of sonic horizons in a toroidally trapped Bose gas containing a superflow}},
  author    = {Jain, P. and Bradley, A. S. and Gardiner, C. W.},
  journal   = {Phys. Rev. A},
  volume    = {76},
  issue     = {2},
  pages     = {023617},
  numpages  = {12},
  year      = {2007},
  month     = {Aug},
  publisher = {American Physical Society},
  doi       = {10.1103/PhysRevA.76.023617},
  ignoreurl = {https://link.aps.org/doi/10.1103/PhysRevA.76.023617}
}

@article{Kovalenko_and_Eremin_1998,
  author  = {Kovalenko, I. G. and Eremin, M. A.},
  title   = {{Instability of spherical accretion — I. Shock-free Bondi accretion}},
  journal = {Monthly Notices of the Royal Astronomical Society},
  volume  = {298},
  number  = {3},
  pages   = {861-870},
  year    = {1998},
  month   = {08}
}

@article{Maicke_et_al_2013,
  title     = {Characterization of the startup and pressure blowdown processes in rocket nozzles},
  journal   = {Aerospace Science and Technology},
  volume    = {25},
  number    = {1},
  pages     = {273-282},
  year      = {2013},
  issn      = {1270-9638},
  doi       = {https://doi.org/10.1016/j.ast.2012.02.003},
  ignoreurl = {https://www.sciencedirect.com/science/article/pii/S1270963812000260},
  author    = {Brian A. Maicke and Joseph Majdalani and Robert L. Geisler},
  keywords  = {Laval nozzle, Chamber blowdown, Thrust tail-off, Asymptotic approximation, Critical pressure}
}

@article{Bondi_1952,
  author       = {{Bondi}, H.},
  title        = {{On spherically symmetrical accretion}},
  journal      = {Monthly Notices of the Royal Astronomical Society},
  year         = 1952,
  month        = jan,
  volume       = {112},
  pages        = {195},
  doi          = {10.1093/mnras/112.2.195},
  adsignoreurl = {https://ui.adsabs.harvard.edu/abs/1952MNRAS.112..195B},
  adsnote      = {Provided by the SAO/NASA Astrophysics Data System}
}

@article{Parker_1958,
  author  = {{Parker}, E. N.},
  title   = {{Dynamics of the Interplanetary Gas and Magnetic Fields.}},
  journal = {Astrophysical Journal},
  year    = 1958,
  month   = nov,
  volume  = {128},
  pages   = {664},
  doi     = {10.1086/146579},
  adsnote = {Provided by the SAO/NASA Astrophysics Data System}
}

@article{Chakrabarti_1996,
  title     = {Accretion processes on a black hole},
  journal   = {Physics Reports},
  volume    = {266},
  number    = {5},
  pages     = {229-390},
  year      = {1996},
  issn      = {0370-1573},
  doi       = {https://doi.org/10.1016/0370-1573(95)00057-7},
  ignoreurl = {https://www.sciencedirect.com/science/article/pii/0370157395000577},
  author    = {Sandip K. Chakrabarti}
}


@article{Gasperini_et_al_2022,
  author    = {Gasperini, David and Biese, Hans-Peter and Schroeder, Udo and Antoine, Xavier and Geuzaine, Christophe},
  title     = {A MultiHarmonic Finite Element Method for Scattering Problems with Small-Amplitude Boundary Deformations},
  journal   = {SIAM Journal on Scientific Computing},
  volume    = {44},
  number    = {2},
  pages     = {B197-B223},
  year      = {2022},
  doi       = {10.1137/21M1432363},
  ignoreurl = {https://doi.org/10.1137/21M1432363},
  eprint    = {https://doi.org/10.1137/21M1432363}
}

@article{Khandoker_et_al_2018,
  author    = {Khandoker, Ahsan H. and Marzbanrad, Faezeh and Kimura, Yoshitaka},
  title     = {Editorial: Recent Advances in Doppler Signal Processing and Modeling Techniques for Fetal Monitoring},
  journal   = {Frontiers in Physiology},
  volume    = {9},
  year      = {2018},
  ignoreurl = {https://www.frontiersin.org/article/10.3389/fphys.2018.00691},
  doi       = {10.3389/fphys.2018.00691},
  issn      = {1664-042X}
}

@article{Wang_2022,
  author    = {Wang,Shisheng },
  title     = {Extensions to the Navier–Stokes equations},
  journal   = {Physics of Fluids},
  volume    = {34},
  number    = {5},
  pages     = {053106},
  year      = {2022},
  doi       = {10.1063/5.0087550},
  ignoreurl = {https://doi.org/10.1063/5.0087550},
  eprint    = {https://doi.org/10.1063/5.0087550}
}

@article{Wang_and_Ge_2020,
  title     = {Geometry outside of acoustic black holes in ($2+1$)-dimensional spacetime},
  author    = {Wang, Qing-Bing and Ge, Xian-Hui},
  journal   = {Phys. Rev. D},
  volume    = {102},
  issue     = {10},
  pages     = {104009},
  numpages  = {14},
  year      = {2020},
  month     = {Nov},
  publisher = {American Physical Society},
  doi       = {10.1103/PhysRevD.102.104009},
  ignoreurl = {https://link.aps.org/doi/10.1103/PhysRevD.102.104009}
}

@article{Zhang_and_Saridakis_2016,
  title     = {Thermodynamics of Acoustic Black Holes in Two Dimensions},
  author    = {Zhang, Baocheng and Saridakis, Emmanuel N.},
  journal   = {Advances in High Energy Physics},
  volume    = {2016},
  pages     = {5710625},
  year      = {2016},
  publisher = {Hindawi Publishing Corporation},
  doi       = {10.1155/2016/5710625},
  ignoreurl = {https://doi.org/10.1155/2016/5710625}
}

@article{Ray_and_Bhattacharjee_2007,
  author  = {Ray, Arnab and Bhattacharjee, Jayanta},
  year    = {2007},
  month   = {04},
  pages   = {},
  title   = {{Static and dynamic aspects of transonicity in Bondi accretion}},
  volume  = {80},
  journal = {Indian Journal of Physics}
}

@book{Huang_and_Russell_2011,
  author    = {Huang, Weizhang and Russell, Robert},
  year      = {2011},
  month     = {01},
  pages     = {},
  title     = {Adaptive Moving Mesh Methods},
  volume    = {174},
  publisher = {Springer},
  isbn      = {978-1-4419-7915-5},
  doi       = {10.1007/978-1-4419-7916-2}
}

@article{Patrick_et_al_2021,
  title     = {Backreaction in an Analogue Black Hole Experiment},
  author    = {Patrick, Sam and Goodhew, Harry and Gooding, Cisco and Weinfurtner, Silke},
  journal   = {Phys. Rev. Lett.},
  volume    = {126},
  issue     = {4},
  pages     = {041105},
  numpages  = {6},
  year      = {2021},
  month     = {Jan},
  publisher = {American Physical Society},
  doi       = {10.1103/PhysRevLett.126.041105},
  ignoreurl = {https://link.aps.org/doi/10.1103/PhysRevLett.126.041105}
}

@article{Aguayo-Ortiz_et_al_2021,
  author    = {Aguayo-Ortiz, Alejandro and Tejeda, Emilio and Sarbach, Olivier and L{\'o}pez-C{\'a}mara, Diego},
  title     = {{Spherical accretion: Bondi, Michel, and rotating black holes}},
  journal   = {Monthly Notices of the Royal Astronomical Society},
  volume    = {504},
  number    = {4},
  pages     = {5039-5053},
  year      = {2021},
  month     = {04},
  doi       = {10.1093/mnras/stab1127},
  ignoreurl = {https://doi.org/10.1093/mnras/stab1127},
  eprint    = {https://academic.oup.com/mnras/article-pdf/504/4/5039/37951850/stab1127.pdf}
}

@article{Keto_2020,
  author    = {Keto, Eric},
  title     = {{Stability and solution of the time-dependent Bondi–Parker flow}},
  journal   = {Monthly Notices of the Royal Astronomical Society},
  volume    = {493},
  number    = {2},
  pages     = {2834-2840},
  year      = {2020},
  month     = {02},
  issn      = {0035-8711},
  doi       = {10.1093/mnras/staa529},
  ignoreurl = {https://doi.org/10.1093/mnras/staa529},
  eprint    = {https://academic.oup.com/mnras/article-pdf/493/2/2834/32814507/staa529.pdf}
}

@article{Ewert_and_Schroeder_2003,
  title     = {Acoustic perturbation equations based on flow decomposition via source filtering},
  journal   = {Journal of Computational Physics},
  volume    = {188},
  number    = {2},
  pages     = {365-398},
  year      = {2003},
  issn      = {0021-9991},
  doi       = {https://doi.org/10.1016/S0021-9991(03)00168-2},
  ignoreurl = {https://www.sciencedirect.com/science/article/pii/S0021999103001682},
  author    = {R. Ewert and W. Schr\"oder},
  keywords  = {Acoustic perturbation equations, LES, CAA, Flow decomposition, Source filtering}
}

@article{Kuznetsov_1971,
  title   = {Equations of nonlinear acoustics,},
  journal = {Soviet Phys. Acoust.},
  volume  = {16},
  pages   = {467–470},
  year    = {1971},
  author  = {V. P. Kuznetsov}
}

@article{Cervenka_and_Bednarik_2022,
  author    = {Červenka,Milan  and Bednařík,Michal },
  title     = {An algebraic correction for the Westervelt equation to account for the local nonlinear effects in parametric acoustic array},
  journal   = {The Journal of the Acoustical Society of America},
  volume    = {151},
  number    = {6},
  pages     = {4046-4052},
  year      = {2022},
  doi       = {10.1121/10.0011747},
  ignoreurl = {https://doi.org/10.1121/10.0011747},
  eprint    = {https://doi.org/10.1121/10.0011747}
}

@article{Ostashev_1994,
  author    = {V. E. Ostashev},
  title     = {Sound propagation and scattering in media with random inhomogeneities of sound speed, density and medium velocity},
  journal   = {Waves in Random Media},
  volume    = {4},
  number    = {4},
  pages     = {403-428},
  year      = {1994},
  publisher = {Taylor & Francis},
  doi       = {10.1088/0959-7174/4/4/001},
  ignoreurl = {https://doi.org/10.1088/0959-7174/4/4/001},
  eprint    = {https://doi.org/10.1088/0959-7174/4/4/001}
}

@article{Ostashev_et_al_2005,
  author    = {Ostashev,Vladimir E.  and Wilson,D. Keith  and Liu,Lanbo  and Aldridge,David F.  and Symons,Neill P.  and Marlin,David },
  title     = {Equations for finite-difference, time-domain simulation of sound propagation in moving inhomogeneous media and numerical implementation},
  journal   = {The Journal of the Acoustical Society of America},
  volume    = {117},
  number    = {2},
  pages     = {503-517},
  year      = {2005},
  doi       = {10.1121/1.1841531},
  ignoreurl = {https://doi.org/10.1121/1.1841531},
  eprint    = {https://doi.org/10.1121/1.1841531}
}

@article{Dekkers_et_al_2020,
  title     = {Models of nonlinear acoustics viewed as approximations of the {Kuznetsov} equation},
  journal   = {Discrete and Continuous Dynamical Systems},
  volume    = {40},
  number    = {7},
  pages     = {4231-4258},
  year      = {2020},
  issn      = {1078-0947},
  doi       = {10.3934/dcds.2020179},
  ignoreurl = {/article/id/41a55aaf-37f8-44e4-8b0d-fd6f34518015},
  author    = {Adrien Dekkers and Anna Rozanova-Pierrat and Vladimir Khodygo},
  keywords  = {Non-linear acoustic, approximations, Kuznetsov, KZK, NPE and Westervelt equations}
}

@article{Cervenka_and_Bednarik_2019,
  author    = {Červenka,Milan  and Bednařík,Michal },
  title     = {A versatile computational approach for the numerical modelling of parametric acoustic array},
  journal   = {The Journal of the Acoustical Society of America},
  volume    = {146},
  number    = {4},
  pages     = {2163-2169},
  year      = {2019},
  doi       = {10.1121/1.5126863},
  ignoreurl = {https://doi.org/10.1121/1.5126863},
  eprint    = {https://doi.org/10.1121/1.5126863}
}

@article{Zhong_et_al_2021,
  author    = {Zhong,Jiaxin  and Kirby,Ray  and Qiu,Xiaojun },
  title     = {The near field, Westervelt far field, and inverse-law far field of the audio sound generated by parametric array loudspeakers},
  journal   = {The Journal of the Acoustical Society of America},
  volume    = {149},
  number    = {3},
  pages     = {1524-1535},
  year      = {2021},
  doi       = {10.1121/10.0003606},
  ignoreurl = {https://doi.org/10.1121/10.0003606},
  eprint    = {https://doi.org/10.1121/10.0003606}
}


@article{Pierce_1990,
  author    = {Pierce,Allan D. },
  title     = {Wave equation for sound in fluids with unsteady inhomogeneous flow},
  journal   = {The Journal of the Acoustical Society of America},
  volume    = {87},
  number    = {6},
  pages     = {2292-2299},
  year      = {1990},
  doi       = {10.1121/1.399073},
  ignoreurl = {https://doi.org/10.1121/1.399073},
  eprint    = {https://doi.org/10.1121/1.399073}
}

@article{Tjo_and_Tjo_1987,
  author    = {Naze Tjo/tta,Jacqueline  and Tjo/tta,Sigve },
  title     = {Interaction of sound waves. Part I: Basic equations and plane waves},
  journal   = {The Journal of the Acoustical Society of America},
  volume    = {82},
  number    = {4},
  pages     = {1425-1428},
  year      = {1987},
  doi       = {10.1121/1.395225},
  ignoreurl = {https://doi.org/10.1121/1.395225},
  eprint    = {https://doi.org/10.1121/1.395225}
}

@article{Schenke_et_al_2022_PoF,
  author  = {Schenke,S.  and Sewerin,F.  and van Wachem,B.  and Denner,F. },
  title   = {Acoustic black hole analogy to analyze nonlinear acoustic wave dynamics in accelerating flow fields},
  journal = {Physics of Fluids},
  volume  = {34},
  number  = {9},
  pages   = {097103},
  year    = {2022},
  doi     = {10.1063/5.0106145},
  url     = {https://doi.org/10.1063/5.0106145},
  eprint  = {https://doi.org/10.1063/5.0106145}
}

@article{Schenke_et_al_2023_JASA,
  author  = {Schenke,S.  and Sewerin,F.  and van Wachem,B.  and Denner,F. },
  title   = {Amplitude modulation of acoustic waves in accelerating flows quantified using acoustic black and white hole analogues},
  journal = {Journal of the Acoustical Society of America},
  volume  = {154},
  number  = {2},
  pages   = {781-791},
  year    = {2023},
  doi     = {10.1121/10.0020561},
  url     = {https://doi.org/10.1121/10.0020561},
  eprint  = {https://doi.org/10.1121/10.0020561}
}

@article{Tabak_et_al_2022,
  author  = {Tabak,Gizem  and Oelze,Michael L.  and Singer,Andrew C. },
  title   = {Effects of acoustic nonlinearity on communication performance in soft tissues},
  journal = {The Journal of the Acoustical Society of America},
  volume  = {152},
  number  = {6},
  pages   = {3583-3594},
  year    = {2022},
  doi     = {10.1121/10.0015402},
  url     = {https://doi.org/10.1121/10.0015402},
  eprint  = {https://doi.org/10.1121/10.0015402}
}

@article{Gu_and_Jing_2015,
  author  = {Gu, Juanjuan and Jing, Yun},
  journal = {IEEE Transactions on Ultrasonics, Ferroelectrics, and Frequency Control},
  title   = {Modeling of wave propagation for medical ultrasound: a review},
  year    = {2015},
  volume  = {62},
  number  = {11},
  pages   = {1979-1992},
  doi     = {10.1109/TUFFC.2015.007034}
}

@article{Denner2024,
  title   = {Acoustic Pressure Modulation Driven by Spatially Non-Uniform Flow},
  author  = {Denner, Fabian},
  year    = {2024},
  journal = {Journal of the Acoustical Society of America},
  volume  = {155},
  number  = {2},
  pages   = {984--989},
  doi     = {10.1121/10.0024751}
}